<record><leader>00000cas a22000007a 4500</leader><controlfield tag="001">17277406</controlfield><controlfield tag="008">871222d19701972pauwr ne      0    0eng d</controlfield><datafield ind1=" " ind2=" " tag="010"><subfield code="a">sn 87078606 </subfield></datafield><datafield ind1=" " ind2=" " tag="040"><subfield code="a">NPH</subfield><subfield code="b">eng</subfield><subfield code="c">NPH</subfield><subfield code="d">OCLCQ</subfield></datafield><datafield ind1=" " ind2=" " tag="042"><subfield code="a">msc</subfield></datafield><datafield ind1="0" ind2="0" tag="245"><subfield code="a">Home spun news.</subfield></datafield><datafield ind1="3" ind2="0" tag="246"><subfield code="a">Home spun news of South Park, Peters, Union and Nottingham Twps</subfield></datafield><datafield ind1="3" ind2="0" tag="246"><subfield code="a">Spun</subfield></datafield><datafield ind1=" " ind2=" " tag="260"><subfield code="a">Finleyville, Pa. :</subfield><subfield code="b">Peters Creek Pub. Co.,</subfield><subfield code="c">1970-</subfield></datafield><datafield ind1=" " ind2=" " tag="300"><subfield code="a">v. :</subfield><subfield code="b">ill. ;</subfield><subfield code="c">57 cm.</subfield></datafield><datafield ind1=" " ind2=" " tag="310"><subfield code="a">Weekly</subfield></datafield><datafield ind1="0" ind2=" " tag="362"><subfield code="a">Vol. 1, no. 1 (Apr. 29, 1970)-</subfield></datafield><datafield ind1="1" ind2=" " tag="362"><subfield code="a">Ceased in 1972?</subfield></datafield><datafield ind1=" " ind2=" " tag="500"><subfield code="a">The words "of South Park, Peters, Union and Nottingham Twps." appear below title on masthead.</subfield></datafield><datafield ind1=" " ind2=" " tag="752"><subfield code="a">United States</subfield><subfield code="b">Pennsylvania</subfield><subfield code="c">Washington</subfield><subfield code="d">Finleyville.</subfield></datafield></record>